@Article{Retzlaff:18a,
  author =       {Retzlaff, Nancy and Stadler, Peter F.},
  title =        {Partially Local Multi-Way Alignments},
  journal =      {Math. Comp. Sci.},
  volume =       {12},
  year =         {2018},
  pages =        {207-234},
  doi =          {10.1007/s11786-018-0338-4}
}

